@book{Radar2022,
  title={Modern Radar for Automotive Applications},
  editor={\textbf{Z. Peng} and C. Li and F. Uysal},
  isbn={9781839534355},
  series={Radar, Sonar and Navigation},
  year={2022},
  publisher={SCITECH PUB}
}

@Book{Peng2020,
address = {Raleigh, NC},
author = {\textbf{Z. Peng} and C. Li and J.-M. Mu{\~{n}}oz-Ferreras and R. G{\'{o}}mez-Garc{\'{i}}a},
booktitle = {Micro-Doppler Radar and its Applications},
editor = {Francesco Fioranelli and Hugh Griffiths and Matthew Ritchie and Alessio Balleri},
publisher = {SCITECH PUB},
title = {\em{``Chapter 9: Hardware Development and Applications of Portable FMCW Radars,''} in {\em{Micro-Doppler Radar and its Applications}}},
year = {2020}
}

@Book{Peng2019,
address = {Raleigh, NC},
author = {\textbf{Z. Peng} and C. Li and R. G{\'{o}}mez-Garc{\'{i}}a and J.-M. Mu{\~{n}}oz-Ferreras},
booktitle = {Short-Range Micro-Motion Sensing: Hardware, signal processing, and machine learning},
editor = {Changzhan Gu and Jaime Lien},
publisher = {SCITECH PUB},
title = {\em{``Chapter 5: FMCW Radar System for Short-Range Micro-Motion Sensing,''} in {\em{Short-Range Micro-Motion Sensing: Hardware, signal processing, and machine learning}}},
year = {2019}
}

@Book{Gomez-Garcia2018,
address = {Raleigh, NC},
author = {Roberto G{\'{o}}mez-Garc{\'{i}}a and Dimitra Psychogiou and \textbf{Z. Peng} and Jos{\'{e}}-Mar{\'{i}}a Mu{\~{n}}oz-Ferreras and Changzhi Li},
booktitle = {Radar and Communication Spectrum Sharing},
editor = {Shannon Blunt and Erik Perrins},
publisher = {SCITECH PUB},
title = {\em{``Chapter B.3: Adaptive RF multi-interference suppression for radar/wireless-communication wideband receivers,''} in {\em{Radar and Communications Spectrum Sharing}}},
year = {2018}
}