@patent{SLOWTIME2022,
author = {\textbf{Z. Peng} and Z. Li and C. Gianelli},
title = {Slow-Time Modulation for Multiple Radar Channels},
year = {2022},
month = {08},
day = {18},
number = {US20220260699A1},
type = {US},
}

@patent{FREQUENCY2022,
author = {\textbf{Z. Peng} and J. F. Searcy and A. Rahman},
title = {Frequency-modulated continuous-wave ({FMCW}) radar-based detection of living objects},
year = {2022},
month = {07},
day = {12},
number = {11385344},
type = {US},
}

@patent{OBJECT2021,
author = {\textbf{Z. Peng} and J. F. Searcy},
title = {Object detection sensor with radome cover configuration to reduce transmitter-receiver couplings},
year = {2021},
month = {12},
day = {28},
number = {11209519},
type = {US},
}

@patent{COMPLEX2021,
author = {\textbf{Z. Peng} and C. Li and L. Ran},
title = {Complex domain beamforming system and methods relating thereto},
year = {2021},
month = {03},
day = {23},
number = {10958295},
type = {US},
}

@patent{DIGITAL2019,
author = {B. Wang and \textbf{Z. Peng} and K.-J. Kim and P. Wang and R. Ma and K. H. Teo},
title = {Digital beamforming transmitter array system with hardware sharing and reduction},
year = {2019},
month = {04},
day = {23},
number = {10270510},
type = {US},
}

@patent{ANALOG2019,
author = {K.-J. Kim and \textbf{Z. Peng} and B. Wang and K. H. Teo},
title = {Beamforming transmission with analog hardware resource sharing},
year = {2019},
month = {02},
day = {26},
number = {10218550},
type = {US},
}

@patent{BEAM2017,
author = {\textbf{Z. Peng} and C. Li and L. Ran},
title = {Complex Domain Beamforming System and Methods Relating Thereto},
year = {2017},
month = {09},
day = {19},
number = {2018057631},
type = {WO},
}

@patent{ARRAY2017,
author = {C. Li and \textbf{Z. Peng}},
title = {24-{GHz} Low-Cost Continuous Beam Steering Phased Array for Indoor Smart Radar and Methods Relating Thereto},
year = {2017},
month = {04},
day = {04},
number = {2017176814},
type = {WO},
}

@patent{OMNI2015,
author = {\textbf{Z. Peng} and L. Ran and J. Huangfu},
title = {A Method for Array Antenna Beam to Achieve Omni-Directional Coverage},
year = {2015},
month = {08},
day = {26},
number = {103579759},
type = {CN},
}

@patent{ARRAY2015,
author = {\textbf{Z.~Peng} and L.~Ran and J.~Huangfu},
title = {Adaptive Array Antenna},
year = {2015},
month = {07},
day = {15},
number = {103579779},
type = {CN},
}

@patent{TRAY2013,
author = {\textbf{Z. Peng} and J. Huangfu},
title = {Near-Field and Far-Field Universal Wireless Charging Tray Antenna},
year = {2013},
month = {10},
day = {20},
number = {102544756},
type = {CN},
}