@inproceedings{TELSIKS2019,
author = {C. Li and J. Wang and D. Rodriguez and A. Mishra and \textbf{Z. Peng} and Y. Li},
title = {Portable {Doppler}/{FSK}/{FMCW} radar systems for life activity sensing and human localization},
booktitle = {14th International Conference on Advanced Technologies, Systems and Services in Telecommunications (TELSIKS)},
publisher = {},
address = {Nis, Serbia, Oct. 23-25},
pages = {},
sortmonth = {10},
sortday = {23},
year = {2019}
}

@inproceedings{IMBioC2019,
author = {J.-M. Muñoz-Ferreras and J. Wang and \textbf{Z. Peng} and C. Li and R. Gómez-García},
title = {{FMCW}-radar-based vital-sign monitoring of multiple patients},
booktitle = {IEEE MTT-S International Microwave Biomedical Conference (IMBioC)},
publisher = {},
address = {Nanjing, China, May 6-8},
pages = {},
sortmonth = {5},
sortday = {6},
year = {2019}
}


@inproceedings{WiSNet2019,
author = {J.-M. Muñoz-Ferreras and \textbf{Z. Peng} and J. Wang and C. Li and R. Gómez-García},
title = {Coherent deramping-based multi-{FMCW} radar architecture},
booktitle = {IEEE Topical Conference on Wireless Sensors and Sensor Networks (WiSNet)},
publisher = {},
address = {Orlando, FL, Jan. 20-23},
pages = {},
sortmonth = {1},
sortday = {20},
year = {2019}
}

@inproceedings{DCAS2018,
author = {\textbf{Z. Peng} and P. Nallabolu and C. Li},
title = {Design and calibration of a portable 24-{GHz} 3-{D} {MIMO} {FMCW} radar with a non-uniformly spaced array and {RF} front-end coexisting on the same {PCB} layer},
booktitle = {13th IEEE Dallas Circuits and Systems Conference 2018 (DCAS)},
publisher = {},
address = {Dallas, TX, Nov. 12},
pages = {},
sortmonth = {11},
sortday = {12},
year = {2018}
}

@inproceedings{Sensys2018,
author = {Z. Li and Z. Yang and C. Song and C. Li and \textbf{Z. Peng} and W. Xu},
title = {E-Eye: Hidden electronics recognition through mm-wave nonlinear effects},
booktitle = {Proceedings of the 16th ACM Conference on Embedded Networked Sensor Systems (SenSys '18)},
publisher = {},
address = {Shenzhen, China, Nov. 4-7},
pages = {},
sortmonth = {11},
sortday = {4},
year = {2018}
}

@inproceedings{IHSED2018,
author = {\textbf{Z. Peng} and C. Li and L. Billonnet and A. Tchalla},
title = {Novel sensor-fusion system concepts for indoor and outdoor fall detection},
booktitle = {International Conference on Human Systems Engineering and Design: Future Trends and Applications (IHSED)},
publisher = {},
address = {CHU-Université de Reims Champagne-Ardenne, France, Oct. 25-27},
pages = {},
sortmonth = {10},
sortday = {25},
year = {2018}
}

@inproceedings{ACES2018,
author = {S. Luo and T. Jiao and \textbf{Z. Peng} and Y. Li and C. Li},
title = {Mutual Decoupling of Four-Element Transmit- Receive {(T-R)} Antenna Arrays Based on a Metamaterial Isolation Structure},
booktitle = {2018 International Applied Computational Electromagnetics Society Symposium in China (ACES-China)},
publisher = {},
address = {Beijing, China, Jul. 29-Aug. 1},
pages = {},
sortmonth = {7},
sortday = {29},
year = {2018}
}

@inproceedings{APS2018,
author = {T. Jiao and \textbf{Z. Peng} and S. Luo and Y. Li and C. Li},
title = {Mutual Coupling Reduction in a {T/R} Array with {T}-Resonate Cavity {EBG} ({TRC-EBG})},
booktitle = {IEEE International Symposium on Antennas and Propagation and USNC-URSI Radio Science Meeting (AP-S/URSI)},
publisher = {},
address = {Boston, MA, Jul. 8-13},
pages = {},
sortmonth = {7},
sortday = {8},
year = {2018}
}

@inproceedings{RASC2018,
author = {J.-M. Muñoz-Ferreras and J. Wang and \textbf{Z. Peng} and R. Gómez-García and C. Li},
title = {From {Doppler} to {FMCW} radars for non-contact vital-sign monitoring},
booktitle = {2nd URSI Atlantic Radio Science Meeting (AT-RASC)},
publisher = {},
address = {Meloneras, Spain, May 28-Jun. 1},
pages = {},
sortmonth = {5},
sortday = {28},
year = {2018}
}

@inproceedings{I2MTC20182,
author = {D. Tang and J. Wang and \textbf{Z. Peng} and Y.-C. Chiang and C. Li},
title = {A {DC}-coupled Biomedical Radar Sensor with Analog {DC} offset Calibration Circuit},
booktitle = {IEEE International Instrumentation and Measurement Technology Conference (I2MTC)},
publisher = {},
address = {Houston, TX, May 14-17},
pages = {},
sortmonth = {5},
sortday = {14},
year = {2018}
}

@inproceedings{I2MTC20181,
author = {\textbf{Z. Peng} and A. Mishra and J. Davis and J. Bridge and C. Li},
title = {Long-Time Non-Contact Water Level Measurement with a 5.8-{GHz} {DC}-Coupled Interferometry Radar},
booktitle = {IEEE International Instrumentation and Measurement Technology Conference (I2MTC)},
publisher = {},
address = {Houston, TX, May 14-17},
pages = {},
sortmonth = {5},
sortday = {14},
year = {2018}
}

@inproceedings{IWS2018,
author = {J. Wang and \textbf{Z. Peng} and C. Li},
title = {An efficient and extended range tracking method using a hybrid {FSK-FMCW} system},
booktitle = {IEEE MTT-S International Wireless Symposium (IWS)},
publisher = {},
address = {Chengdu, China, May 6-10},
pages = {},
sortmonth = {5},
sortday = {6},
year = {2018}
}

@inproceedings{EuCAP2018,
author = {\textbf{Z. Peng} and K. Kim and P. Wang and R. Ma and K. Kihira and T. Fukasawa and C. Li and B. Wang},
title = {Code-Division Multiplexing based Hardware Reduction for a Digital Beamforming Transmitter Array},
booktitle = {12th European Conference on Antennas and Propagation (EuCAP)},
publisher = {},
address = {London, UK, Apr. 9-13},
pages = {},
sortmonth = {4},
sortday = {9},
year = {2018}
}

@inproceedings{NRSM2018,
author = {\textbf{Z. Peng} and C. Li},
title = {Intermodulation {FMCW} ({IM-FMCW}) Radar for Non-Linear Wearable Targets Detection},
booktitle = {United States National Committee of URSI National Radio Science Meeting (USNC-URSI NRSM)},
publisher = {},
address = {Boulder, CO, Jan. 4-7},
pages = {},
sortmonth = {1},
sortday = {4},
year = {2017}
}

@inproceedings{APMC2017,
author = {J. Yan and \textbf{Z. Peng} and H. Hong and X. Zhu and Q. Liu and B. Ren and C. Li},
title = {Indoor Range-Direction-Movement SAR for Drone-based Radar Systems},
booktitle = {IEEE Asia Pacific Microwave Conference (APMC)},
publisher = {},
address = {Kuala Lumpur, Malaysia, Nov. 13-16},
pages = {},
sortmonth = {11},
sortday = {13},
year = {2017}
}

@inproceedings{ACES2017,
author = {\textbf{Z. Peng} and D. Psychogiou and C. Li},
title = {Investigation of the Roles of Filters for a Harmonic {FMCW} Radar},
booktitle = {International Applied Computational Electromagnetics Society (ACES) Symposium},
publisher = {},
address = {Suzhou, China, Aug. 1-4},
pages = {},
sortmonth = {8},
sortday = {1},
year = {2017}
}

@inproceedings{ACES20172,
author = {J.-M. Muñoz-Ferreras and \textbf{Z. Peng} and R. Gómez-García and C. Li},
title = {Tone-Ranging-Inspired Architecture for Short-Range Radars: Theory and Simulations,},
booktitle = {International Applied Computational Electromagnetics Society (ACES) Symposium},
publisher = {},
address = {Suzhou, China, Aug. 1-4},
pages = {},
sortmonth = {8},
sortday = {1},
year = {2017}
}

@inproceedings{ACES20171,
author = {Y. Li and \textbf{Z. Peng} and C. Li},
title = {Potential Active Shooter Detection Using a Portable Radar Sensor with Micro-{Doppler} and Range-{Doppler} Analysis},
booktitle = {International Applied Computational Electromagnetics Society (ACES) Symposium},
publisher = {},
address = {Suzhou, China, Aug. 1-4},
pages = {},
sortmonth = {8},
sortday = {1},
year = {2017}
}

@inproceedings{IMBIOC2017,
author = {\textbf{Z. Peng} and J.-M. Muñoz-Ferreras and C. Li and R. Gómez-García},
title = {An {FMCW} Radar Sensor for Human Gesture Recognition in the Presence of Multiple Targets},
booktitle = {IEEE International Microwave Bio-Conference (IMBioC)},
publisher = {},
address = {Göteborg, Sweden, May 15-17},
pages = {},
sortmonth = {5},
sortday = {15},
year = {2017}
}

@inproceedings{WiSNet20171,
author = {J.-M. Muñoz-Ferreras and \textbf{Z. Peng} and Y. Tang and R. Gómez-García and C. Li},
title = {{Doppler}-Radar-Based Short-Range Acquisitions of Time-Frequency Signatures from an Industrial-Type Wind Turbine},
booktitle = {IEEE Wireless Sensors and Sensor Networks (WiSNet)},
publisher = {},
address = {Phoenix, AZ, Jan. 15-18},
pages = {},
sortmonth = {1},
sortday = {15},
year = {2017}
}

@inproceedings{WiSNet20172,
author = {J.-M. Muñoz-Ferreras and \textbf{Z. Peng} and R. Gómez-García and C. Li},
title = {A Frequency-Multiplexed {Doppler}-plus-{FMCW} Hybrid Radar Architecture: Theory and Simulations},
booktitle = {IEEE Wireless Sensors and Sensor Networks (WiSNet)},
publisher = {},
address = {Phoenix, AZ, Jan. 15-18},
pages = {},
sortmonth = {1},
sortday = {15},
year = {2017}
}

@inproceedings{NRSM2017,
author = {Y. Tang and \textbf{Z. Peng} and C. Li},
title = {An experimental study on the feasibility of fall prevention using a wearable {K}-band {FMCW} radar},
booktitle = {United States National Committee of URSI National Radio Science Meeting (USNC-URSI NRSM)},
publisher = {},
address = {Boulder, CO, Jan. 4-7},
pages = {},
sortmonth = {1},
sortday = {4},
year = {2017}
}

@inproceedings{RFIT2016,
author = {Y. Tang and \textbf{Z. Peng} and L. Ran and C. Li},
title = {{iPrevent}: A novel wearable radio frequency range detector for fall prevention},
booktitle = {IEEE International Symposium on Radio-Frequency Integration Technology (RFIT)},
publisher = {},
address = {Taipei, Taiwan, Aug. 24-26},
pages = {},
sortmonth = {8},
sortday = {24},
year = {2016}
}

@inproceedings{IMS20161,
author = {H. Zhao and \textbf{Z. Peng} and H. Hong and X. Zhu and C. Li},
title = {A Portable 24-{GHz} Auditory Radar for Non-contact Speech Sensing with Background Noise Rejection and Directional Discrimination},
booktitle = {IEEE International Microwave Symposium (IMS)},
publisher = {},
address = {San Francisco, CA, May 22-27},
pages = {},
sortmonth = {5},
sortday = {22},
year = {2016}
}

@inproceedings{IMS2016,
author = {\textbf{Z. Peng} and J.-M. Muñoz-Ferreras and R. Gómez-García and C. Li},
title = {{FMCW} radar fall detection based on {ISAR} processing utilizing the properties of {RCS}, range, and {Doppler}},
booktitle = {IEEE International Microwave Symposium (IMS)},
publisher = {},
address = {San Francisco, CA, May 22-27},
pages = {},
sortmonth = {5},
sortday = {22},
year = {2016}
}

@inproceedings{IWS2016,
author = {\textbf{Z. Peng} and J.-M. Muñoz-Ferreras and R. Gómez-García and L. Ran and C. Li},
title = {24-{GHz} biomedical radar on flexible substrate for {ISAR} imaging},
booktitle = {IEEE International Wireless Symposium (IWS)},
publisher = {},
address = {Shanghai, China, Mar. 14-16},
pages = {},
sortmonth = {3},
sortday = {14},
year = {2016}
}

@inproceedings{IWS20161,
author = {J.-M. Muñoz-Ferreras and \textbf{Z. Peng} and C. Li and R. Gómez-García},
title = {Effects and mitigation of interference tones on coherent {FMCW} short-range radars},
booktitle = {IEEE International Wireless Symposium (IWS)},
publisher = {},
address = {Shanghai, China, Mar. 14-16},
pages = {},
sortmonth = {3},
sortday = {14},
year = {2016}
}

@inproceedings{BioWireleSS2016,
author = {\textbf{Z. Peng} and J.-M. Muñoz-Ferreras and Y. Tang and R. Gómez-García and C. Li},
title = {Portable coherent frequency-modulated continuous-wave radar for indoor human tracking},
booktitle = {IEEE Topical Conference on Bio-medical Wireless Technologies, Networks, and Sensing Systems (BioWireleSS)},
publisher = {},
address = {Austin, TX, Jan. 24-27},
pages = {},
sortmonth = {1},
sortday = {24},
year = {2016}
}

@inproceedings{BioWireleSS20161,
author = {J.-M. Muñoz-Ferreras and \textbf{Z. Peng} and R. Gómez-García and C. Li},
title = {Random body movement mitigation for {FMCW}-radar-based vital-sign monitoring},
booktitle = {IEEE Topical Conference on Bio-medical Wireless Technologies, Networks, and Sensing Systems (BioWireleSS)},
publisher = {},
address = {Austin, TX, Jan. 24-27},
pages = {},
sortmonth = {1},
sortday = {24},
year = {2016}
}

@inproceedings{RWS2016,
author = {J.-M. Muñoz-Ferreras and \textbf{Z. Peng} and Y. Tang and R. Gómez-García and D. Liang and C. Li},
title = {A step forward towards radar sensor networks for structural health monitoring of wind turbines},
booktitle = {IEEE Radio and Wireless Symposium (RWS)},
publisher = {},
address = {Austin, TX, Jan. 24–27},
pages = {},
sortmonth = {1},
sortday = {24},
year = {2016}
}

@inproceedings{IMWS2015,
author = {\textbf{Z. Peng} and C. Li},
title = {A portable 24-{GHz} {FMCW} radar based on six-port for indoor human tracking},
booktitle = {IEEE MTT-S International Microwave Workshop Series on RF and Wireless Technologies for Biomedical and Healthcare Applications (IMWS-BIO)},
publisher = {},
address = {Taipei, Taiwan, Sep. 21-23},
pages = {},
sortmonth = {9},
sortday = {21},
year = {2015}
}

@inproceedings{MWSCAS2015,
author = {\textbf{Z. Peng} and L. Ran and C. Li},
title = {A 24-{GHz} low-cost continuous beam steering phased array for indoor smart radar},
booktitle = {IEEE 58th International Midwest Symposium on Circuits and Systems (MWSCAS)},
publisher = {},
address = {Fort Collins, CO, Aug. 2-5},
pages = {},
sortmonth = {8},
sortday = {2},
year = {2015}
}
